@BOOK{Smith:2012qr,
   title = {Chemistry},
   publisher = {Publisher},
   author = {Smith, J.~M. and Jones, A.~B.},
   year = {2012},
   edition = {7th},
}
@inproceedings{Salvucci2000,
  address = {New York, New York, USA},
  author = {Salvucci, Dario D. and Goldberg, Joseph H.},
  booktitle = {Proceedings of the symposium on Eye tracking research \& applications - ETRA '00},
  doi = {10.1145/355017.355028},
  isbn = {1581132808},
  month = nov,
  pages = {71--78},
  publisher = {ACM Press},
  title = {{Identifying fixations and saccades in eye-tracking protocols}},
  year = {2000}
}
@misc{GAT,
  author = {Kim, Jin-Hwa},
  title = {Gaze Accuracy Test},
  year = {2014},
  howpublished = {\url{http://youtu.be/kBwdXkaoqEE}},
  note = {(Accessed 2014-07-10)}
}