@misc{tobii_manual,
  author = "{Tobii Technology AB}",
  title = {Tobii Glasses Eye Tracker},
  year = {2012},
  howpublished = {\url{http://www.tobii.com/Global/Analysis/Downloads/User_Manuals_and_Guides/Tobii%20Glasses%20User%20Manual.pdf}},
  note = {(Accessed 2014-08-12)}
}
@inproceedings{Salvucci2000,
  address = {New York, New York, USA},
  author = {Salvucci, Dario D. and Goldberg, Joseph H.},
  booktitle = {Proceedings of the symposium on Eye tracking research \& applications - ETRA '00},
  doi = {10.1145/355017.355028},
  isbn = {1581132808},
  month = nov,
  pages = {71--78},
  publisher = {ACM Press},
  title = {{Identifying fixations and saccades in eye-tracking protocols}},
  year = {2000}
}
@misc{GAT,
  author = {Kim, Jin-Hwa},
  title = {Gaze Accuracy Test},
  year = {2014},
  howpublished = {\url{http://youtu.be/kBwdXkaoqEE}},
  note = {(Accessed 2014-07-10)}
}
@article{tatler2005visual,
  title={Visual correlates of fixation selection: effects of scale and time},
  author={Tatler, Benjamin W and Baddeley, Roland J and Gilchrist, Iain D},
  journal={Vision research},
  volume={45},
  number={5},
  pages={643--659},
  year={2005},
  publisher={Elsevier}
}
@article{tatler2007central,
  title={The central fixation bias in scene viewing: Selecting an optimal viewing position independently of motor biases and image feature distributions},
  author={Tatler, Benjamin W},
  journal={Journal of Vision},
  volume={7},
  number={14},
  pages={4},
  year={2007},
  publisher={Association for Research in Vision and Ophthalmology}
}
@book{mcmorris2014acquisition,
  title={Acquisition and performance of sports skills},
  author={McMorris, Terry},
  year={2014},
  publisher={John Wiley \& Sons}
}